<?xml version="1.0" encoding="UTF-8"?><collection xmlns="http://www.loc.gov/MARC21/slim"><record><leader>00698nam--2200241-u-4500</leader><controlfield tag="001">000050462</controlfield><controlfield tag="002">20161230</controlfield><controlfield tag="003">81842</controlfield><controlfield tag="005">20161230201048</controlfield><controlfield tag="008">070323s1000------------r-----000-0-eng-d</controlfield><datafield ind1=" " ind2=" " tag="020"><subfield code="a">3540207856</subfield></datafield><datafield ind1=" " ind2=" " tag="040"><subfield code="a">IFIN-HH</subfield></datafield><datafield ind1=" " ind2=" " tag="041"><subfield code="a">eng</subfield></datafield><datafield ind1=" " ind2=" " tag="080"><subfield code="a">53.08:543.06:519.24</subfield></datafield><datafield ind1="1" ind2=" " tag="100"><subfield code="a">Czichos, Horst</subfield></datafield><datafield ind1="1" ind2="0" tag="245"><subfield code="a">Springer Handbook of Materials Measurement Methods</subfield><subfield code="c">Horst Czichos; tetsuya Saito; Leslie Smith (eds.)</subfield></datafield><datafield ind1=" " ind2=" " tag="260"><subfield code="a">Berlin</subfield><subfield code="b">Springer</subfield><subfield code="c">2006</subfield></datafield><datafield ind1=" " ind2=" " tag="300"><subfield code="a">1208p</subfield></datafield><datafield ind1=" " ind2=" " tag="504"><subfield code="a">Include Index With CD-ROM, 970 Figures and 158 Tables</subfield></datafield><datafield ind1=" " ind2="4" tag="650"><subfield code="a">Materials Measurement System</subfield></datafield><datafield ind1="1" ind2=" " tag="700"><subfield code="a">Smith, Leslie</subfield><subfield code="e">ed</subfield></datafield><datafield ind1=" " ind2=" " tag="852"><subfield code="a">81842</subfield><subfield code="c">389</subfield></datafield><datafield ind1=" " ind2=" " tag="CAT"><subfield code="a">Sys</subfield><subfield code="c">20110413</subfield><subfield code="h">100601</subfield></datafield></record></collection>